<record><leader>00000cas a22000007a 4500</leader><controlfield tag="001">19708581</controlfield><controlfield tag="008">890515d19231925nduwr ne      0    0eng d</controlfield><datafield ind1=" " ind2=" " tag="010"><subfield code="a">sn 88076094 </subfield></datafield><datafield ind1=" " ind2=" " tag="040"><subfield code="a">NOP</subfield><subfield code="b">eng</subfield><subfield code="c">NOP</subfield><subfield code="d">OCLCQ</subfield></datafield><datafield ind1=" " ind2=" " tag="042"><subfield code="a">msc</subfield></datafield><datafield ind1="0" ind2="4" tag="245"><subfield code="a">The farmer-labor monitor and farmers leader.</subfield></datafield><datafield ind1="3" ind2="0" tag="246"><subfield code="a">Farmer-labor monitor</subfield></datafield><datafield ind1=" " ind2=" " tag="260"><subfield code="a">Bowman, N.D. :</subfield><subfield code="b">H.B. French</subfield></datafield><datafield ind1=" " ind2=" " tag="300"><subfield code="a">3 v. :</subfield><subfield code="b">ill. ;</subfield><subfield code="c">54 cm.</subfield></datafield><datafield ind1=" " ind2=" " tag="310"><subfield code="a">Weekly</subfield></datafield><datafield ind1="0" ind2=" " tag="362"><subfield code="a">Vol. 6, no. 36 (Aug. 2, 1923)-v.8, no. 34 (June 18, 1925).</subfield></datafield><datafield ind1=" " ind2=" " tag="500"><subfield code="a">Published as: Farmer-labor monitor, Aug. 2, 1923.</subfield></datafield><datafield ind1=" " ind2=" " tag="500"><subfield code="a">"The official newspaper of Bowman County."</subfield></datafield><datafield ind1=" " ind2=" " tag="515"><subfield code="a">Also bears whole numbering: no. 308-no. 398.</subfield></datafield><datafield ind1=" " ind2=" " tag="530"><subfield code="a">Available on microfilm from the State Historical Society of North Dakota.</subfield></datafield><datafield ind1=" " ind2=" " tag="752"><subfield code="a">United States</subfield><subfield code="b">North Dakota</subfield><subfield code="c">Bowman</subfield><subfield code="d">Bowman.</subfield></datafield><datafield ind1="0" ind2="0" tag="780"><subfield code="t">Farmers leader (Bowman, N.D.)</subfield><subfield code="w">(DLC)sn 88076091</subfield></datafield><datafield ind1="0" ind2="0" tag="785"><subfield code="t">Bowman County leader and farmer-labor monitor</subfield><subfield code="w">(DLC)sn 88076092</subfield></datafield></record>